@article{10.1145/287000.287001,
	author = {Cook, Jonathan E. and Wolf, Alexander L.},
	title = {Discovering Models of Software Processes from Event-Based Data},
	year = {1998},
	issue_date = {July 1998},
	publisher = {Association for Computing Machinery},
	address = {New York, NY, USA},
	volume = {7},
	number = {3},
	issn = {1049-331X},
	url = {https://doi.org/10.1145/287000.287001},
	doi = {10.1145/287000.287001},
	journal = {ACM Trans. Softw. Eng. Methodol.},
	month = jul,
	pages = {215–249},
	numpages = {35},
	keywords = {tools, software process, process discovery, Balboa}
}

@inproceedings{10.1145/337180.337234,
	author = {Corbett, James C. and Dwyer, Matthew B. and Hatcliff, John and Laubach, Shawn and P\u{a}s\u{a}reanu, Corina S. and Robby and Zheng, Hongjun},
	title = {Bandera: Extracting Finite-State Models from Java Source Code},
	year = {2000},
	isbn = {1581132069},
	publisher = {Association for Computing Machinery},
	address = {New York, NY, USA},
	url = {https://doi.org/10.1145/337180.337234},
	doi = {10.1145/337180.337234},
	booktitle = {Proceedings of the 22nd International Conference on Software Engineering},
	pages = {439–448},
	numpages = {10},
	keywords = {program verification, model extraction, model checking, slicing, abstract interpretation, program specialization},
	location = {Limerick, Ireland},
	series = {ICSE ’00}
}

@inproceedings{10.1145/2678015.2682533,
	author = {Li, Huiqing and Thompson, Simon},
	title = {Safe Concurrency Introduction through Slicing},
	year = {2015},
	isbn = {9781450332972},
	publisher = {Association for Computing Machinery},
	address = {New York, NY, USA},
	url = {https://doi.org/10.1145/2678015.2682533},
	doi = {10.1145/2678015.2682533},
	booktitle = {Proceedings of the 2015 Workshop on Partial Evaluation and Program Manipulation},
	pages = {103–113},
	numpages = {11},
	keywords = {functional programming, slicing, parallelisation, concurrency, refactoring, erlang},
	location = {Mumbai, India},
	series = {PEPM ’15}
}

@inproceedings{10.1109/RE.2005.61,
	author = {Yu, Yijun and Wang, Yiqiao and Mylopoulos, John and Liaskos, Sotirios and Lapouchnian, Alexei and Prado Leite, Julio Cesar Sampaio do},
	title = {Reverse Engineering Goal Models from Legacy Code},
	year = {2005},
	isbn = {0769524257},
	publisher = {IEEE Computer Society},
	address = {USA},
	url = {https://doi.org/10.1109/RE.2005.61},
	doi = {10.1109/RE.2005.61},
	booktitle = {Proceedings of the 13th IEEE International Conference on Requirements Engineering},
	pages = {363–372},
	numpages = {10},
	series = {RE ’05}
}


@article{Asanovic:2009:VPC,
  author    = {Krste Asanovic and
               Rastislav Bod{\'{\i}}k and
               James Demmel and
               Tony Keaveny and
               Kurt Keutzer and
               John Kubiatowicz and
               Nelson Morgan and
               David A. Patterson and
               Koushik Sen and
               John Wawrzynek and
               David Wessel and
               Katherine A. Yelick},
  title     = {A view of the parallel computing landscape},
  journal   = {Commun. {ACM}},
  volume    = {52},
  number    = {10},
  pages     = {56--67},
  year      = {2009}
}

@incollection{DBLP:reference/parallel/X11pz,
  title     = {{TBB} (Intel Threading Building Blocks)},
  booktitle = {Encyclopedia of Parallel Computing},
  pages     = {2029},
  publisher = {Springer},
  year      = {2011}
}

@book{ACM:book/msoft/CampbellM11,
  author = {Campbell, Colin and Miller, Ade},
  title = {A Parallel Programming with Microsoft Visual C++: Design Patterns
  for Decomposition and Coordination on Multicore Architectures},
  year = {2011},
  isbn = {0735651752, 9780735651753},
  edition = {1st},
  publisher = {Microsoft Press},
}

@article{DBLP:journals/concurrency/AstorgaD0G17,
  author    = {David del Rio Astorga and
               Manuel F. Dolz and
               Javier Fern{\'{a}}ndez and
               Jos{\'{e}} Daniel Garc{\'{\i}}a},
  title     = {A generic parallel pattern interface for stream and data processing},
  journal   = {Concurrency and Computation: Practice and Experience},
  volume    = {29},
  number    = {24},
  year      = {2017}
}

@phdthesis{Opdyke,
 author = {William F. Opdyke},
 title = {Refactoring {O}bject-{O}riented {F}rameworks},
 year = {1992},
 school = {University of Illinois at Urbana-Champaign},
 address = {Champaign, IL, USA},
}

@article{darlington77,
 author        = {R. M. Burstall and John Darlington},
 title         = {A {T}ransformation {S}ystem for {D}eveloping {R}ecursive {P}rograms},
 journal       = {J. ACM},
 volume        = {24},
 number        = {1},
 year          = {1977},
 issn          = {0004-5411},
 pages         = {44--67},
 doi           = {http://doi.acm.org/10.1145/321992.321996},
 }

@Article{Garcia2019,
author="Garcia, J. Daniel
and del Rio, David
and Aldinucci, Marco
and Tordini, Fabio
and Danelutto, Marco
and Mencagli, Gabriele
and Torquati, Massimo",
title="Challenging the abstraction penalty in parallel patterns libraries",
journal="J. Supercomputing",
year="2019",
month="Apr",
day="08",
issn="1573-0484",
doi="10.1007/s11227-019-02826-5",
}

@inproceedings{DBLP:conf/pdp/JanjicBMHDAG16,
  author    = {Vladimir Janjic and
               Christopher Brown and
               K. Mackenzie and
               Kevin Hammond and
               Marco Danelutto and
               Marco Aldinucci and
               Jos{\'{e}} Daniel Garc{\'{\i}}a},
  title     = {{RPL:} {A} Domain-Specific Language for Designing and Implementing
               Parallel {C++} Applications},
  booktitle = {{PDP}},
  pages     = {288--295},
  publisher = {{IEEE} Computer Society},
  year      = {2016}
}

@article{rio:2018,
  author    = {David del Rio Astorga and
               Manuel F. Dolz and
               Luis Miguel S{\'{a}}nchez and
               Jos{\'{e}} Daniel Garc{\'{\i}}a and
               Marco Danelutto and
               Massimo Torquati},
  title     = {Finding parallel patterns through static analysis in {C++} applications},
  journal   = {{IJHPCA}},
  volume    = {32},
  number    = {6},
  year      = {2018}
}

@inproceedings{pugh,
  author    = {William Pugh},
  title     = {The Omega test: a fast and practical integer programming algorithm
               for dependence analysis},
  booktitle = {{SC}},
  pages     = {4--13},
  publisher = {{ACM}},
  year      = {1991}
}

@article{10.1109/99.660313,
	author = {Dagum, Leonardo and Menon, Ramesh},
	title = {OpenMP: An Industry-Standard API for Shared-Memory Programming},
	year = {1998},
	issue_date = {January 1998},
	publisher = {IEEE Computer Society Press},
	address = {Washington, DC, USA},
	volume = {5},
	number = {1},
	issn = {1070-9924},
	url = {https://doi.org/10.1109/99.660313},
	doi = {10.1109/99.660313},
	journal = {IEEE Comput. Sci. Eng.},
	month = jan,
	pages = {46–55},
	numpages = {10}
}

@book{10.5555/263953,
	author = {Butenhof, David R.},
	title = {Programming with POSIX Threads},
	year = {1997},
	isbn = {0201633922},
	publisher = {Addison-Wesley Longman Publishing Co., Inc.},
	address = {USA}
}







@book{kennedy,
  author    = {Randy Allen and
               Ken Kennedy},
  title     = {Optimizing Compilers for Modern Architectures: {A} Dependence-based
               Approach},
  publisher = {Morgan Kaufmann},
  year      = {2001}
}

@book{muchnick,
  author    = {Steven S. Muchnick},
  title     = {Advanced Compiler Design and Implementation},
  publisher = {Morgan Kaufmann},
  year      = {1997}
}

@book{Dorigo-aco-book,
  author    = {Marco Dorigo and
               Thomas St{\"{u}}tzle},
  title     = {Ant colony optimization},
  publisher = {{MIT} Press},
  year      = {2004}
}

@inproceedings{10.1145/1454115.1454128,
	author = {Bienia, Christian and Kumar, Sanjeev and Singh, Jaswinder Pal and Li, Kai},
	title = {The PARSEC Benchmark Suite: Characterization and Architectural Implications},
	year = {2008},
	isbn = {9781605582825},
	publisher = {Association for Computing Machinery},
	address = {New York, NY, USA},
	url = {https://doi.org/10.1145/1454115.1454128},
	doi = {10.1145/1454115.1454128},
	booktitle = {Proceedings of the 17th International Conference on Parallel Architectures and Compilation Techniques},
	pages = {72–81},
	numpages = {10},
	keywords = {benchmark suite, multithreading, performance measurement, shared-memory computers},
	location = {Toronto, Ontario, Canada},
	series = {PACT ’08}
}




@article{mens_refactoring,
  author    = {Tom Mens and
               Tom Tourw{\'{e}}},
  title     = {A Survey of Software Refactoring},
  journal   = {{IEEE} Trans. Software Eng.},
  volume    = {30},
  number    = {2},
  pages     = {126--139},
  year      = {2004}
}

@UNPUBLISHED{EclipseWeb,
  author       = {Eclipse Foundation},
  year         = {2009},
  title        = {{E}clipse - an {O}pen {D}evelopment {P}latform},
  note         = {\texttt{http://www.eclipse.org}},
}

@Unpublished{VisualStudioWeb,
  author       = {Microsoft},
  year         = {2019},
  title        = {{Visual Studio IDE}},
  note         = {\texttt{https://visualstudio.microsoft.com/vs/}},}
}

@inproceedings{brownagricultural,
  author    = {Christopher Brown and
               Vladimir Janjic and
               Kevin Hammond and
               Holger Sch{\"{o}}ner and
               Kamran Idrees and
               Colin W. Glass},
  title     = {Agricultural Reform: More Efficient Farming Using Advanced Parallel
               Refactoring Tools},
  booktitle = {{PDP}},
  pages     = {36--43},
  publisher = {{IEEE} Computer Society},
  year      = {2014}
}

@article{hlpp,
  author    = {Christopher Brown and
               Marco Danelutto and
               Kevin Hammond and
               Peter Kilpatrick and
               Archibald Elliott},
  title     = {Cost-Directed Refactoring for Parallel Erlang Programs},
  journal   = {International Journal of Parallel Programming},
  volume    = {42},
  number    = {4},
  pages     = {564--582},
  year      = {2014}
}

@article{DBLP:journals/cai/BarwellBHTB16,
  author    = {Adam D. Barwell and
               Christopher Brown and
               Kevin Hammond and
               Wojciech Turek and
               Aleksander Byrski},
  title     = {Using Program Shaping and Algorithmic Skeletons to Parallelise an
               Evolutionary Multi-Agent System in Erlang},
  journal   = {Computing and Informatics},
  volume    = {35},
  number    = {4},
  pages     = {792--818},
  year      = {2016}
}

@article{DBLP:journals/spe/Gonzalez-VelezL10,
  author    = {Horacio Gonz{\'{a}}lez{-}V{\'{e}}lez and
               Mario Leyton},
  title     = {A survey of algorithmic skeleton frameworks: high-level structured
               parallel programming enablers},
  journal   = {Softw., Pract. Exper.},
  volume    = {40},
  number    = {12},
  pages     = {1135--1160},
  year      = {2010}
}

@inproceedings{DBLP:conf/ifl/AxelssonCSSEP10,
  author    = {Emil Axelsson and
               Koen Claessen and
               Mary Sheeran and
               Josef Svenningsson and
               David Engdal and
               Anders Persson},
  title     = {The Design and Implementation of Feldspar - An Embedded Language for
               Digital Signal Processing},
  booktitle = {{IFL}},
  series    = {Lecture Notes in Computer Science},
  volume    = {6647},
  pages     = {121--136},
  publisher = {Springer},
  year      = {2010}
}

@article{DBLP:journals/mis/JinLWY15,
  author    = {Canghong Jin and
               Ze{-}min Li and
               Minghui Wu and
               Jing Ying},
  title     = {FastFlow: Efficient Scalable Model-Driven Framework for Processing
               Massive Mobile Stream Data},
  journal   = {Mobile Information Systems},
  volume    = {2015},
  pages     = {818307:1--818307:18},
  year      = {2015}
}

@inproceedings{DBLP:conf/europar/MatsuzakiKIHA04,
  author    = {Kiminori Matsuzaki and
               Kazuhiko Kakehi and
               Hideya Iwasaki and
               Zhenjiang Hu and
               Yoshiki Akashi},
  title     = {A Fusion-Embedded Skeleton Library},
  booktitle = {Euro-Par},
  series    = {Lecture Notes in Computer Science},
  volume    = {3149},
  pages     = {644--653},
  publisher = {Springer},
  year      = {2004}
}

@inproceedings{DBLP:conf/ipps/GorlatchWL99,
  author    = {Sergei Gorlatch and
               Christoph Wedler and
               Christian Lengauer},
  title     = {Optimization Rules for Programming with Collective Operations},
  booktitle = {{IPPS/SPDP}},
  pages     = {492--499},
  publisher = {{IEEE} Computer Society},
  year      = {1999}
}

@inproceedings{DBLP:conf/dagstuhl/Gorlatch03,
  author    = {Sergei Gorlatch},
  title     = {Domain-Specific Optimizations of Composed Parallel Components},
  booktitle = {Domain-Specific Program Generation},
  series    = {Lecture Notes in Computer Science},
  volume    = {3016},
  pages     = {274--290},
  publisher = {Springer},
  year      = {2003}
}

@inproceedings{DBLP:conf/cgo/HagedornSSGD18,
  author    = {Bastian Hagedorn and
               Larisa Stoltzfus and
               Michel Steuwer and
               Sergei Gorlatch and
               Christophe Dubach},
  title     = {High performance stencil code generation with lift},
  booktitle = {{CGO}},
  pages     = {100--112},
  publisher = {{ACM}},
  year      = {2018}
}

@inproceedings{DBLP:conf/parco/ReyesL15,
  author    = {Ruyman Reyes and
               Victor Lom{\"{u}}ller},
  title     = {{SYCL:} Single-source {C++} accelerator programming},
  booktitle = {{PARCO}},
  series    = {Advances in Parallel Computing},
  volume    = {27},
  pages     = {673--682},
  publisher = {{IOS} Press},
  year      = {2015}
}

@article{DBLP:journals/cacm/Lamport74,
  author    = {Leslie Lamport},
  title     = {The Parallel Execution of {DO} Loops},
  journal   = {Commun. {ACM}},
  volume    = {17},
  number    = {2},
  pages     = {83--93},
  year      = {1974}
}

@inproceedings{DBLP:conf/pldi/BurkeC86,
  author    = {Michael G. Burke and
               Ron Cytron},
  title     = {Interprocedural dependence analysis and parallelization (with retrospective)},
  booktitle = {Best of {PLDI}},
  pages     = {139--154},
  publisher = {{ACM}},
  year      = {1986}
}

@inproceedings{DBLP:conf/popl/LimL97,
  author    = {Amy W. Lim and
               Monica S. Lam},
  title     = {Maximizing Parallelism and Minimizing Synchronization with Affine
               Transforms},
  booktitle = {{POPL}},
  pages     = {201--214},
  publisher = {{ACM} Press},
  year      = {1997}
}

@inproceedings{DBLP:conf/ppopp/AncourtI91,
  author    = {Corinne Ancourt and
               Fran{\c{c}}ois Irigoin},
  title     = {Scanning Polyhedra with {DO} Loops},
  booktitle = {{PPOPP}},
  pages     = {39--50},
  publisher = {{ACM}},
  year      = {1991}
}

@inproceedings{DBLP:conf/IEEEpact/BouletF98,
  author    = {Pierre Boulet and
               Paul Feautrier},
  title     = {Scanning Polyhedra without Do-loops},
  booktitle = {{IEEE} {PACT}},
  pages     = {4--11},
  publisher = {{IEEE} Computer Society},
  year      = {1998}
}

@inproceedings{DBLP:conf/IEEEpact/Bastoul04,
  author    = {C{\'{e}}dric Bastoul},
  title     = {Code Generation in the Polyhedral Model Is Easier Than You Think},
  booktitle = {{IEEE} {PACT}},
  pages     = {7--16},
  publisher = {{IEEE} Computer Society},
  year      = {2004}
}

@inproceedings{DBLP:conf/IEEEpact/TournavitisF10,
  author    = {Georgios Tournavitis and
               Bj{\"{o}}rn Franke},
  title     = {Semi-automatic extraction and exploitation of hierarchical pipeline
               parallelism using profiling information},
  booktitle = {{PACT}},
  pages     = {377--388},
  publisher = {{ACM}},
  year      = {2010}
}

@article{DBLP:journals/taco/WangTFO14,
  author    = {Zheng Wang and
               Georgios Tournavitis and
               Bj{\"{o}}rn Franke and
               Michael F. P. O'Boyle},
  title     = {Integrating profile-driven parallelism detection and machine-learning-based
               mapping},
  journal   = {{TACO}},
  volume    = {11},
  number    = {1},
  pages     = {2:1--2:26},
  year      = {2014}
}

@inproceedings{DBLP:conf/pepm/LiT15,
  author    = {Huiqing Li and
               Simon J. Thompson},
  title     = {Safe Concurrency Introduction through Slicing},
  booktitle = {{PEPM}},
  pages     = {103--113},
  publisher = {{ACM}},
  year      = {2015}
}

@inproceedings{DBLP:conf/ppopp/RulVB08,
  author    = {Sean Rul and
               Hans Vandierendonck and
               Koen De Bosschere},
  title     = {Extracting coarse-grain parallelism in general-purpose programs},
  booktitle = {{PPOPP}},
  pages     = {281--282},
  publisher = {{ACM}},
  year      = {2008}
}

@inproceedings{DBLP:conf/europar/StefanovicM00,
  author    = {Darko Stefanovic and
               Margaret Martonosi},
  title     = {Limits and Graph Structure of Available Instruction-Level Parallelism
               (Research Note)},
  booktitle = {Euro-Par},
  series    = {Lecture Notes in Computer Science},
  volume    = {1900},
  pages     = {1018--1022},
  publisher = {Springer},
  year      = {2000}
}

@inproceedings{DBLP:conf/popl/GuoTS11,
  author    = {Jing Guo and
               Jeyarajan Thiyagalingam and
               Sven{-}Bodo Scholz},
  title     = {Breaking the {GPU} programming barrier with the auto-parallelising
               {SAC} compiler},
  booktitle = {{DAMP}},
  pages     = {15--24},
  publisher = {{ACM}},
  year      = {2011}
}

@inproceedings{DBLP:conf/pppj/LeungLL09,
  author    = {Alan Leung and
               Ondrej Lhot{\'{a}}k and
               Ghulam Lashari},
  title     = {Automatic parallelization for graphics processing units},
  booktitle = {{PPPJ}},
  pages     = {91--100},
  publisher = {{ACM}},
  year      = {2009}
}

@article{dig,
  author    = {Danny Dig},
  title     = {A Refactoring Approach to Parallelism},
  journal   = {{IEEE} Software},
  volume    = {28},
  number    = {1},
  pages     = {17--22},
  year      = {2011}
}

@article{DBLP:journals/tosem/RadoiD15,
  author    = {Cosmin Radoi and
               Danny Dig},
  title     = {Effective Techniques for Static Race Detection in Java Parallel Loops},
  journal   = {{ACM} Trans. Softw. Eng. Methodol.},
  volume    = {24},
  number    = {4},
  pages     = {24:1--24:30},
  year      = {2015}
}

@article{10.1109/TSE.1976.233837,
	author = {McCabe, T. J.},
	title = {A Complexity Measure},
	year = {1976},
	issue_date = {July 1976},
	publisher = {IEEE Press},
	volume = {2},
	number = {4},
	issn = {0098-5589},
	url = {https://doi.org/10.1109/TSE.1976.233837},
	doi = {10.1109/TSE.1976.233837},
	journal = {IEEE Trans. Softw. Eng.},
	month = jul,
	pages = {308–320},
	numpages = {13},
	keywords = {Basis, programming, testing, complexity measure, graph theory, independence, linear, reduction, modularization, control flow, software, decomposition}
}



@article{DBLP:journals/tse/Corbett96,
  author    = {James C. Corbett},
  title     = {Evaluating Deadlock Detection Methods for Concurrent Software},
  journal   = {{IEEE} Trans. Software Eng.},
  volume    = {22},
  number    = {3},
  pages     = {161--180},
  year      = {1996}
}

@article{dolz2018,
  author    = {Manuel F. Dolz and
               David del Rio Astorga and
               Javier Fern{\'{a}}ndez and
               Jos{\'{e}} Daniel Garc{\'{\i}}a and
               Jes{\'{u}}s Carretero},
  title     = {Towards Automatic Parallelization of Stream Processing Applications},
  journal   = {{IEEE} Access},
  volume    = {6},
  pages     = {39944--39961},
  year      = {2018}
}

@book{DBLP:books/daglib/0019908,
  author    = {Martin Fowler},
  title     = {Refactoring - Improving the Design of Existing Code},
  series    = {Addison Wesley object technology series},
  publisher = {Addison-Wesley},
  year      = {1999}
}


�A Survey of Data Flow Analysis Techniques,� Program Flow Analysis: Theory and Applications (N. D. Jones and S. S. Muchnick, editors), Prentice-Hall, Englewood Cliffs, NJ, (1981), pages 5–54.

@inbook{Kennedy:DeadCodeElimination,
author = {Ken Kennedy},
title = {A Survey of Data Flow Analysis Techniques},
booktitle = {Program Flow Analysis: Theory and Applications},
date = {1981},
pages = {5–54}.
}
